<?xml version="1.0" encoding="UTF-8"?><collection xmlns="http://www.loc.gov/MARC21/slim"><record><leader>00373nam--2200133-i-4500</leader><controlfield tag="001">000030988</controlfield><controlfield tag="002">20161230</controlfield><controlfield tag="005">20161230201038</controlfield><controlfield tag="008">060222s1000------------r-----000-0-eng-d</controlfield><datafield ind1=" " ind2=" " tag="080"><subfield code="a">543.42</subfield></datafield><datafield ind1=" " ind2=" " tag="100"><subfield code="a">Manoliu, Corneliu Si Cordos, Emil</subfield></datafield><datafield ind1=" " ind2=" " tag="245"><subfield code="a">Spectroscopia de absorbtie si fluorescenta atomica</subfield></datafield><datafield ind1=" " ind2=" " tag="260"><subfield code="a">Bucuresti, Editura Academiei Rsr., 1984, 179p</subfield></datafield><datafield ind1=" " ind2=" " tag="852"><subfield code="a">71969</subfield></datafield></record></collection>